<?xml version="1.0" encoding="UTF-8"?><record xmlns="http://www.loc.gov/MARC21/slim" xmlns:cinclude="http://apache.org/cocoon/include/1.0" xmlns:zs="http://www.loc.gov/zing/srw/">
  <leader>00736nz  a2200145n  4500</leader>
  <controlfield tag="001">n 2014049514</controlfield>
  <controlfield tag="003">DLC</controlfield>
  <controlfield tag="005">20140815073931.0</controlfield>
  <controlfield tag="008">140815n| azannaabn          |a ana      </controlfield>
  <datafield tag="010" ind1=" " ind2=" ">
    <subfield code="a">n 2014049514</subfield>
  </datafield>
  <datafield tag="040" ind1=" " ind2=" ">
    <subfield code="a">DLC</subfield>
    <subfield code="b">eng</subfield>
    <subfield code="e">rda</subfield>
    <subfield code="c">DLC</subfield>
  </datafield>
  <datafield tag="110" ind1="1" ind2=" ">
    <subfield code="a">United States.</subfield>
    <subfield code="t">General Crimes Act</subfield>
  </datafield>
  <datafield tag="410" ind1="1" ind2=" ">
    <subfield code="a">United States.</subfield>
    <subfield code="t">Indian Country Crimes Act</subfield>
  </datafield>
  <datafield tag="670" ind1=" " ind2=" ">
    <subfield code="a">GPO FDsys WWW site, viewed August 15, 2014:</subfield>
    <subfield code="b">75 FR 2965 (General Crimes Act (also known as the Indian Country Crimes Act), 18 U.S.C. 1152)</subfield>
  </datafield>
  <datafield tag="670" ind1=" " ind2=" ">
    <subfield code="a">Library of Congress American Memory WWW site, viewed August 15, 2014:</subfield>
    <subfield code="b">Statutes at Large, 14th Congress, 2nd session (An act to provide for the punishment of crimes and offences committed within the Indian boundaries; approved March 13, 1817)</subfield>
  </datafield>
</record>